% This file was created with JabRef 2.9.2.
% Encoding: UTF8

@MISC{twt:interactive,
  author = {Twitter Data},
  title = {State of The Union address 2014 URL: \url{http://twitter.github.io/interactive/sotu2014/\#p1}},
  month = {Mai},
  year = {2014},
  note = {Abgerufen am 12.05.2014},
  file = {:anhangInternet\\TwitterInteractiveSotu2014.pdf:PDF},
  timestamp = {2014.05.12},
  url = {http://twitter.github.io/interactive/sotu2014/\#p1}
}

@MISC{facebook,
  author = {Facebook},
  title = {Facebook URL: \url{https://www.facebook.com/}},
  month = {Mai},
  year = {2014},
  note = {Abgerufen am 12.05.2014},
  file = {:anhangInternet\\facebookCom.pdf:PDF},
  timestamp = {2014.05.12},
  url = {https://www.facebook.com/}
}

@MISC{GoogleDe:search,
  author = {Google},
  title = {Google Search URL: \url{https://www.google.de/}},
  month = {Mai},
  year = {2014},
  note = {Abgerufen am 12.05.2014},
  file = {:anhangInternet\\GoogleDe.pdf:PDF},
  timestamp = {2014.05.12},
  url = {https://www.google.de/}
}

@MISC{hbase:home,
  author = {Apache Software Foundation - HBase},
  title = {Apache HBase is the Hadoop database, a distributed, scalable, big data store. URL: \url{http://hbase.apache.org/}},
  month = {August},
  year = {2014},
  note = {Abgerufen am 18.08.2014},
  file = {:anhangInternet\\apacheHbasehome.mht:MHT},
  timestamp = {2014.04.08},
  url = {http://hbase.apache.org/}
}

@MISC{s4:home,
  author = {Apache Software Foundation - S4},
  title = {S4 distributed stream computing platform. URL: \url{http://incubator.apache.org/s4/}},
  month = {Juni},
  year = {2013},
  note = {Abgerufen am 04.08.2014},
  file = {:anhangInternet\\s4home.mht:MHT},
  timestamp = {2014.04.08},
  url = {http://incubator.apache.org/s4/}
}

@MISC{s4:Proposal,
  author = {Junqueira, Flavio},
  title = {S4 Proposal
	URL: \url{http://wiki.apache.org/incubator/S4Proposal}},
  month = {September},
  year = {2011},
  note = {Abgerufen am 04.08.2014},
  file = {:anhangInternet\\s4\\s4Proposal.mht:MHT},
  timestamp = {2014.08.04},
  url = {http://wiki.apache.org/incubator/S4Proposal}
}

@MISC{s4:GitHubApacheMirror,
  author = {Gopalakrishna, Kishore and Junqueira, Flavio and Morel, Matthieu
	and Neumeyer, Leo and Robbins, Bruce and Ferro, Daniel Gomez},
  title = {S4 GitHub Repository Apache Git Mirror
	URL: \url{https://github.com/apache/incubator-s4}},
  month = {August},
  year = {2014},
  note = {Abgerufen am 04.08.2014},
  file = {:anhangInternet\\s4\\s4GitHubApacheMirror.mht:MHT},
  timestamp = {2014.08.04},
  url = {https://github.com/apache/incubator-s4}
}

@MISC{s4:overview,
  author = {Apache Software Foundation - S4},
  title = {S4 Overview
	URL: \url{http://incubator.apache.org/s4/doc/0.6.0/overview/}},
  month = {Juni},
  year = {2013},
  note = {Abgerufen am 11.08.2014},
  file = {:anhangInternet\\s4\\S4-0_6_0 overview.mht:MHT},
  timestamp = {2014.08.11},
  url = {http://incubator.apache.org/s4/doc/0.6.0/overview/}
}

@MISC{s4:walkthrough,
  author = {Apache Software Foundation - S4},
  title = {S4 Walkthrough
	URL: \url{http://incubator.apache.org/s4/doc/0.6.0/walkthrough/}},
  month = {Juni},
  year = {2013},
  note = {Abgerufen am 18.08.2014},
  file = {:anhangInternet\\s4\\s4walkthrough.mht:MHT},
  timestamp = {2014.08.18},
  url = {http://incubator.apache.org/s4/doc/0.6.0/walkthrough/}
}

@MISC{s4:metrics,
  author = {Apache Software Foundation - S4},
  title = {S4 Metrics
	URL: \url{http://incubator.apache.org/s4/doc/0.6.0/metrics/}},
  month = {Juni},
  year = {2013},
  note = {Abgerufen am 18.08.2014},
  file = {:anhangInternet\\s4\\s4metrics.mht:MHT},
  timestamp = {2014.08.18},
  url = {http://incubator.apache.org/s4/doc/0.6.0/metrics/}
}

@MISC{s4:faultTolerance,
  author = {Apache Software Foundation - S4},
  title = {S4 Fault Tolerance
	URL: \url{http://incubator.apache.org/s4/doc/0.6.0/fault_tolerance/}},
  month = {Juni},
  year = {2013},
  note = {Abgerufen am 11.08.2014},
  file = {:anhangInternet\\s4\\S4-0_6_0 faultTolerance.mht:MHT},
  timestamp = {2014.08.11},
  url = {http://incubator.apache.org/s4/doc/0.6.0/fault_tolerance/}
}

@MISC{s4:classTcpEmitter,
  author = {Apache Software Foundation - S4},
  title = {Class TCPEmitter
	URL: \url{http://people.apache.org/~mmorel/apache-s4-0.6.0-incubating-doc/javadoc/org/apache/s4/comm/tcp/TCPEmitter.html}},
  month = {Juni},
  year = {2013},
  note = {Abgerufen am 11.08.2014},
  file = {:anhangInternet\\s4\\TCPEmitter-0_6_0.mht:MHT},
  timestamp = {2014.08.11},
  url = {http://people.apache.org/~mmorel/apache-s4-0.6.0-incubating-doc/javadoc/org/apache/s4/comm/tcp/TCPEmitter.html}
}

@MISC{s4:classUdpEmitter,
  author = {Apache Software Foundation - S4},
  title = {Class UDPEmitter
	URL: \url{http://people.apache.org/~mmorel/apache-s4-0.6.0-incubating-doc/javadoc/org/apache/s4/comm/udp/UDPEmitter.html}},
  month = {Juni},
  year = {2013},
  note = {Abgerufen am 11.08.2014},
  file = {:anhangInternet\\s4\\UDPEmitter-0_6_0.mht:MHT},
  timestamp = {2014.08.11},
  url = {http://people.apache.org/~mmorel/apache-s4-0.6.0-incubating-doc/javadoc/org/apache/s4/comm/udp/UDPEmitter.html}
}

@MISC{twtrland:Hsieh,
  author = {twtrland Inc},
  title = {Jonathan Hsieh - @jmhsieh Social Networks Analysis URL: \url{http://twtrland.com/profile/jmhsieh/analysis}},
  month = {Mai},
  year = {2014},
  note = {Abgerufen am 11.05.2014},
  file = {:anhangInternet\\twtrlandAnalysisJonathanHsieh.pdf:PDF},
  timestamp = {2014.05.11},
  url = {http://twtrland.com/profile/jmhsieh/analysis}
}

@MISC{twtrland:Marz,
  author = {twtrland Inc},
  title = {Nathan Marz - @nathanmarz Social Networks Analysis URL: \url{http://twtrland.com/profile/nathanmarz/analysis}},
  month = {Mai},
  year = {2014},
  note = {Abgerufen am 11.05.2014},
  file = {:anhangInternet\\twtrlandAnalysisNathanMarz.pdf:PDF},
  timestamp = {2014.05.11},
  url = {http://twtrland.com/profile/nathanmarz/analysis}
}

@MISC{twtrland:Neumeyer,
  author = {twtrland Inc},
  title = {Leo Neumeyer - @leoneu Social Networks Analysis URL: \url{http://twtrland.com/profile/leoneu/analysis}},
  month = {Mai},
  year = {2014},
  note = {Abgerufen am 11.05.2014},
  file = {:anhangInternet\\twtrlandAnalysisLeoNeumeyer.pdf:PDF},
  timestamp = {2014.05.11},
  url = {http://twtrland.com/profile/leoneu/analysis}
}

@MISC{twtrland:Stein,
  author = {twtrland Inc},
  title = {Joe Stein - @allthingshadoop Social Networks Analysis URL: \url{http://twtrland.com/profile/allthingshadoop/analysis}},
  month = {Mai},
  year = {2014},
  note = {Abgerufen am 11.05.2014},
  file = {:anhangInternet\\twtrlandAnalysisJoeStein.pdf:PDF},
  timestamp = {2014.05.11},
  url = {http://twtrland.com/profile/allthingshadoop/analysis}
}

@MISC{res:DataNeverSleeps10,
  author = {James, Josh},
  title = {Data Never Sleeps 1.0 URL: \url{http://www.domo.com/blog/wp-content/uploads/2012/06/DatainOneMinute.jpg}},
  month = {Mai},
  year = {2014},
  note = {Abgerufen am 12.05.2014},
  file = {:anhangInternet\\DatainOneMinute1.0.jpg:JPG},
  timestamp = {2014.05.12},
  url = {http://www.domo.com/blog/wp-content/uploads/2012/06/DatainOneMinute.jpg}
}

@MISC{res:DataNeverSleeps20,
  author = {James, Josh},
  title = {Data Never Sleeps 2.0 URL: \url{http://www.domo.com/blog/wp-content/uploads/2014/04/DataNeverSleeps\_2.0\_v2.jpg}},
  month = {Mai},
  year = {2014},
  note = {Abgerufen am 05.05.2014},
  file = {:anhangInternet\\DataNeverSleeps_2.0_v2.jpg:JPG},
  timestamp = {2014.05.05},
  url = {http://www.domo.com/blog/wp-content/uploads/2014/04/DataNeverSleeps\_2.0\_v2.jpg}
}

@MISC{flume:home,
  author = {Prabhakar, Arvind and Mujumdar, Prasad and Sammer, Eric},
  title = {Apache Flume distributed, reliable, and available service for efficientliy
	operating large amounts of log data. URL: \url{http://flume.apache.org/}},
  month = {Juli},
  year = {2014},
  note = {Abgerufen am 14.07.2014},
  file = {:anhangInternet\\flume\\apacheflumehome.mht:MHT},
  timestamp = {2014.07.14},
  url = {http://flume.apache.org/}
}

@MISC{flume:GitHubApacheMirror,
  author = {Prabhakar, Arvind and Mujumdar, Prasad and Sammer, Eric},
  title = {Flume GitHub Repository Apache Git Mirror
	URL: \url{https://github.com/apache/flume}},
  month = {Juli},
  year = {2014},
  note = {Abgerufen am 14.07.2014},
  file = {:anhangInternet\\flume\\flumeGitHubApacheMirror.mht:MHT},
  timestamp = {2014.07.14},
  url = {https://github.com/apache/flume}
}

@MISC{flume:Proposal,
  author = {Nicholas Verbeck},
  title = {Flume Proposal
	URL: \url{https://wiki.apache.org/incubator/FlumeProposal}},
  month = {Juni},
  year = {2011},
  note = {Abgerufen am 21.07.2014},
  file = {:anhangInternet\\flume\\flumeProposal.mht:MHT},
  timestamp = {2014.07.21},
  url = {https://wiki.apache.org/incubator/FlumeProposal}
}

@MISC{flume:IncubationStatus,
  author = {Apache Software Foundation - Flume},
  title = {Flume Project Incubation Status
	URL: \url{http://incubator.apache.org/projects/flume.html}},
  month = {Juni},
  year = {2012},
  note = {Abgerufen am 21.07.2014},
  file = {:anhangInternet\\flume\\flumeIncubationStatus.mht:MHT},
  timestamp = {2014.07.21},
  url = {http://incubator.apache.org/projects/flume.html}
}

@MISC{flume:flumeNg,
  author = {Eric Sammer},
  title = {Flume NG
	URL: \url{https://cwiki.apache.org/confluence/x/_46oAQ}},
  month = {Juni},
  year = {2012},
  note = {Abgerufen am 21.07.2014},
  file = {:anhangInternet\\flume\\flumeNg.mht:MHT},
  timestamp = {2014.07.21},
  url = {https://cwiki.apache.org/confluence/x/_46oAQ}
}

@MISC{flume:flumeNgRefactoring,
  author = {Eric Sammer},
  title = {Flume NG refactoring
	URL: \url{https://issues.apache.org/jira/browse/FLUME-728}},
  month = {August},
  year = {2011},
  note = {Abgerufen am 21.07.2014},
  file = {:anhangInternet\\flume\\FLUME728NGrefactoring.mht:MHT},
  timestamp = {2014.07.21},
  url = {https://issues.apache.org/jira/browse/FLUME-728}
}

@MISC{flume:userGuide,
  author = {Apache Software Foundation - Flume},
  title = {Flume 1.5.0 User Guide
	URL: \url{https://flume.apache.org/FlumeUserGuide.html}},
  month = {Juni},
  year = {2012},
  note = {Abgerufen am 21.07.2014},
  file = {:anhangInternet\\flume\\flumeUserGuide.mht:MHT},
  timestamp = {2014.07.21},
  url = {https://flume.apache.org/FlumeUserGuide.html}
}

@MISC{flume:apidoc:abstractSource,
  author = {Apache Software Foundation - Flume},
  title = {Class AbstractSource
	URL: \url{https://flume.apache.org/releases/content/1.5.0/apidocs/org/apache/flume/source/AbstractSource.html}},
  month = {Juli},
  year = {2014},
  note = {Abgerufen am 28.07.2014},
  file = {:anhangInternet\\flume\\AbstractSource.mht:MHT},
  timestamp = {2014.07.28},
  url = {https://flume.apache.org/releases/content/1.5.0/apidocs/org/apache/flume/source/AbstractSource.html}
}

@MISC{flume:apidoc:avroSource,
  author = {Apache Software Foundation - Flume},
  title = {Class AvroSource
	URL: \url{https://flume.apache.org/releases/content/1.5.0/apidocs/org/apache/flume/source/AvroSource.html}},
  month = {Juli},
  year = {2014},
  note = {Abgerufen am 28.07.2014},
  file = {:anhangInternet\\flume\\AvroSource.mht:MHT},
  timestamp = {2014.07.28},
  url = {https://flume.apache.org/releases/content/1.5.0/apidocs/org/apache/flume/source/AvroSource.html}
}

@MISC{flume:apidoc:thriftSource,
  author = {Apache Software Foundation - Flume},
  title = {Class ThriftSource
	URL: \url{https://flume.apache.org/releases/content/1.5.0/apidocs/org/apache/flume/source/ThriftSource.html}},
  month = {Juli},
  year = {2014},
  note = {Abgerufen am 28.07.2014},
  file = {:anhangInternet\\flume\\ThriftSource.mht:MHT},
  timestamp = {2014.07.28},
  url = {https://flume.apache.org/releases/content/1.5.0/apidocs/org/apache/flume/source/ThriftSource.html}
}

@MISC{flume:apidoc:execSource,
  author = {Apache Software Foundation - Flume},
  title = {Class ExecSource
	URL: \url{https://flume.apache.org/releases/content/1.5.0/apidocs/org/apache/flume/source/ExecSource.html}},
  month = {Juli},
  year = {2014},
  note = {Abgerufen am 28.07.2014},
  file = {:anhangInternet\\flume\\ExecSource.mht:MHT},
  timestamp = {2014.07.28},
  url = {https://flume.apache.org/releases/content/1.5.0/apidocs/org/apache/flume/source/ExecSource.html}
}

@MISC{flume:apidoc:netcatSource,
  author = {Apache Software Foundation - Flume},
  title = {Class NetcatSource
	URL: \url{https://flume.apache.org/releases/content/1.5.0/apidocs/org/apache/flume/source/NetcatSource.html}},
  month = {Juli},
  year = {2014},
  note = {Abgerufen am 28.07.2014},
  file = {:anhangInternet\\flume\\NetcatSource.mht:MHT},
  timestamp = {2014.07.28},
  url = {https://flume.apache.org/releases/content/1.5.0/apidocs/org/apache/flume/source/NetcatSource.html}
}

@MISC{flume:apidoc:httpSource,
  author = {Apache Software Foundation - Flume},
  title = {Class HTTPSource
	URL: \url{https://flume.apache.org/releases/content/1.5.0/apidocs/org/apache/flume/source/http/HTTPSource.html}},
  month = {Juli},
  year = {2014},
  note = {Abgerufen am 28.07.2014},
  file = {:anhangInternet\\flume\\HTTPSource.mht:MHT},
  timestamp = {2014.07.28},
  url = {https://flume.apache.org/releases/content/1.5.0/apidocs/org/apache/flume/source/http/HTTPSource.html}
}

@MISC{flume:apidoc:basicChannelSemantics,
    author = {Apache Software Foundation - Flume},
  title = {Class BasicChannelSemantics
	URL: \url{https://flume.apache.org/releases/content/1.5.0/apidocs/org/apache/flume/channel/BasicChannelSemantics.html}},
  month = {Juli},
  year = {2014},
  note = {Abgerufen am 28.07.2014},
  file = {:anhangInternet\\flume\\BasicChannelSemantics.mht:MHT},
  timestamp = {2014.07.28},
  url = {https://flume.apache.org/releases/content/1.5.0/apidocs/org/apache/flume/channel/BasicChannelSemantics.html}
}

@MISC{flume:apidoc:avroSink,
  author = {Apache Software Foundation - Flume},
  title = {Class AvroSink
	URL: \url{https://flume.apache.org/releases/content/1.5.0/apidocs/org/apache/flume/sink/AvroSink.html}},
  month = {Juli},
  year = {2014},
  note = {Abgerufen am 28.07.2014},
  file = {:anhangInternet\\flume\\AvroSink.mht:MHT},
  timestamp = {2014.07.28},
  url = {https://flume.apache.org/releases/content/1.5.0/apidocs/org/apache/flume/sink/AvroSink.html}
}

@MISC{flume:apidoc:thriftSink,
  author = {Apache Software Foundation - Flume},
  title = {Class ThriftSink
	URL: \url{https://flume.apache.org/releases/content/1.5.0/apidocs/org/apache/flume/sink/ThriftSink.html}},
  month = {Juli},
  year = {2014},
  note = {Abgerufen am 28.07.2014},
  file = {:anhangInternet\\flume\\ThriftSink.mht:MHT},
  timestamp = {2014.07.28},
  url = {https://flume.apache.org/releases/content/1.5.0/apidocs/org/apache/flume/sink/ThriftSink.html}
}

@MISC{flume:apidoc:abstractRpcSink,
  author = {Apache Software Foundation - Flume},
  title = {Class AbstractRpcSink
	URL: \url{https://flume.apache.org/releases/content/1.5.0/apidocs/org/apache/flume/sink/AbstractRpcSink.html}},
  month = {Juli},
  year = {2014},
  note = {Abgerufen am 28.07.2014},
  file = {:anhangInternet\\flume\\AbstractRpcSink.mht:MHT},
  timestamp = {2014.07.28},
  url = {https://flume.apache.org/releases/content/1.5.0/apidocs/org/apache/flume/sink/AbstractRpcSink.html}
}



@MISC{flume:apidoc:timestampInterceptor,
  author = {Apache Software Foundation - Flume},
  title = {Class TimestampInterceptor
	URL: \url{https://flume.apache.org/releases/content/1.5.0/apidocs/org/apache/flume/interceptor/TimestampInterceptor.html}},
  month = {Juli},
  year = {2014},
  note = {Abgerufen am 28.07.2014},
  file = {:anhangInternet\\flume\\TimestampInterceptor.mht:MHT},
  timestamp = {2014.07.28},
  url = {https://flume.apache.org/releases/content/1.5.0/apidocs/org/apache/flume/interceptor/TimestampInterceptor.html}
}

@MISC{flume:apidoc:hostInterceptor,
  author = {Apache Software Foundation - Flume},
  title = {Class HostInterceptor
	URL: \url{https://flume.apache.org/releases/content/1.5.0/apidocs/org/apache/flume/interceptor/HostInterceptor.html}},
  month = {Juli},
  year = {2014},
  note = {Abgerufen am 28.07.2014},
  file = {:anhangInternet\\flume\\HostInterceptor.mht:MHT},
  timestamp = {2014.07.28},
  url = {https://flume.apache.org/releases/content/1.5.0/apidocs/org/apache/flume/interceptor/HostInterceptor.html}
}

@MISC{flume:apidoc:staticInterceptor,
  author = {Apache Software Foundation - Flume},
  title = {Class StaticInterceptor
	URL: \url{https://flume.apache.org/releases/content/1.5.0/apidocs/org/apache/flume/interceptor/StaticInterceptor.html}},
  month = {Juli},
  year = {2014},
  note = {Abgerufen am 28.07.2014},
  file = {:anhangInternet\\flume\\StaticInterceptor.mht:MHT},
  timestamp = {2014.07.28},
  url = {https://flume.apache.org/releases/content/1.5.0/apidocs/org/apache/flume/interceptor/StaticInterceptor.html}
}

@MISC{flume:apidoc:RegexFilteringInterceptor,
  author = {Apache Software Foundation - Flume},
  title = {Class RegexFilteringInterceptor
	URL: \url{https://flume.apache.org/releases/content/1.5.0/apidocs/org/apache/flume/interceptor/RegexFilteringInterceptor.html}},
  month = {Juli},
  year = {2014},
  note = {Abgerufen am 28.07.2014},
  file = {:anhangInternet\\flume\\RegexFilteringInterceptor.mht:MHT},
  timestamp = {2014.07.28},
  url = {https://flume.apache.org/releases/content/1.5.0/apidocs/org/apache/flume/interceptor/RegexFilteringInterceptor.html}
}

@MISC{flume:apidoc:RegexExtractorInterceptor,
  author = {Apache Software Foundation - Flume},
  title = {Class RegexExtractorInterceptor
	URL: \url{https://flume.apache.org/releases/content/1.5.0/apidocs/org/apache/flume/interceptor/RegexExtractorInterceptor.html}},
  month = {Juli},
  year = {2014},
  note = {Abgerufen am 28.07.2014},
  file = {:anhangInternet\\flume\\RegexExtractorInterceptor.mht:MHT},
  timestamp = {2014.07.28},
  url = {https://flume.apache.org/releases/content/1.5.0/apidocs/org/apache/flume/interceptor/RegexExtractorInterceptor.html}
}

@MISC{junit:unittests,
  author = {Beck, Kent},
  title = {Infected: Programmers Love Writing Tests
	URL: \url{http://junit.sourceforge.net/doc/testinfected/testing.htm}},
  month = {Februar},
  year = {2006},
  note = {Abgerufen am 28.07.2014},
  file = {:anhangInternet\\junitTests.mht:MHT},
  timestamp = {2014.07.28},
  url = {http://junit.sourceforge.net/doc/testinfected/testing.htm}
}



@MISC{hadoop:home,
  author = {Apache Software Foundation},
  title = {Apache Hadoop URL: \url{http://hadoop.apache.org/}},
  month = {Juni},
  year = {2014},
  note = {Abgerufen am 21.07.2014},
  file = {:anhangInternet\\apacheHadoopHome.mht:MHT},
  timestamp = {2014.07.21},
  url = {http://hadoop.apache.org/}
}

@MISC{avro:home,
  author = {Apache Software Foundation},
  title = {Apache Avro a data serialization system URL: \url{http://avro.apache.org/}},
  month = {Juli},
  year = {2014},
  note = {Abgerufen am 28.07.2014},
  file = {:anhangInternet\\apacheAvroHome.mht:MHT},
  timestamp = {2014.07.28},
  url = {http://avro.apache.org/}
}

@MISC{thrift:home,
  author = {Apache Software Foundation},
  title = {Apache Thrift software framework, for scalable cross-language services development URL: \url{http://thrift.apache.org/}},
  month = {Juli},
  year = {2014},
  note = {Abgerufen am 28.07.2014},
  file = {:anhangInternet\\apacheThriftHome.mht:MHT},
  timestamp = {2014.07.28},
  url = {http://thrift.apache.org/}
}

@MISC{kafka:home,
  author = {Kreps, Jay and Narkhede, Neha and Rao, Jun},
  title = {Apache Kafka is publish-subscribe messaging rethought as a distributed
	commit log. URL: \url{http://kafka.apache.org/}},
  month = {Juni},
  year = {2014},
  note = {Abgerufen am 30.06.2014},
  file = {:anhangInternet\\kafka\\apachekafkahome.mht:MHT},
  timestamp = {2014.06.30},
  url = {http://kafka.apache.org/}
}

@MISC{kafka:security,
  author = {Kreps, Jay},
  title = {Security URL: \url{https://cwiki.apache.org/confluence/x/rhIHAg}},
  month = {Juli},
  year = {2014},
  note = {Abgerufen am 14.07.2014},
  file = {:anhangInternet\\kafka\\apacheKafkaSecurity.mht:MHT},
  timestamp = {2014.07.14},
  url = {https://cwiki.apache.org/confluence/x/rhIHAg}
}

@MISC{kafka:GitHubApacheMirror,
  author = {Kreps, Jay and Narkhede, Neha and Rao, Jun},
  title = {Kafka GitHub Repository Apache Git Mirror
	URL: \url{https://github.com/apache/kafka}},
  month = {Juni},
  year = {2014},
  note = {Abgerufen am 30.06.2014},
  file = {:anhangInternet\\kafka\\kafkaGitHubApacheMirror.mht:MHT},
  timestamp = {2014.06.30},
  url = {https://github.com/apache/kafka}
}

@MISC{kafka:IncubationStatus,
  author = {Apache Software Foundation},
  title = {Kafka Project Incubation Status
	URL: \url{http://incubator.apache.org/projects/kafka.html}},
  month = {Oktober},
  year = {2012},
  note = {Abgerufen am 30.06.2014},
  file = {:anhangInternet\\kafka\\kafkaIncubationStatus.mht:MHT},
  timestamp = {2014.06.30},
  url = {http://incubator.apache.org/projects/kafka.html}
}

@MISC{kafka:Proposal,
  author = {Jun Rao},
  title = {Kafka Proposal
	URL: \url{https://wiki.apache.org/incubator/KafkaProposal}},
  month = {Juni},
  year = {2011},
  note = {Abgerufen am 30.06.2014},
  file = {:anhangInternet\\kafka\\kafkaProposal.mht:MHT},
  timestamp = {2014.06.30},
  url = {https://wiki.apache.org/incubator/KafkaProposal}
}

@MISC{kafka:wiki:simpleconsumer,
  author = {Kreps, Jay and Narkhede, Neha and Rao, Jun},
  title = {KAFKA: 0.8.0 Simple consumer example. URL: \url{https://cwiki.apache.org/confluence/x/FVzVAQ}},
  month = {Juni},
  year = {2014},
  note = {Abgerufen am 30.06.2014},
  file = {:anhangInternet\\kafka\\apachekafkawikisimpleconsumer.mht:MHT},
  timestamp = {2014.06.30},
  url = {https://cwiki.apache.org/confluence/x/FVzVAQ}
}

@MISC{kafka:documentation,
  author = {Apache Software Foundation},
  title = {Kafka 0.8.1 Documentation URL: \url{https://kafka.apache.org/documentation.html}},
  month = {Juli},
  year = {2014},
  note = {Abgerufen am 07.07.2014},
  file = {:anhangInternet\\kafka\\ApacheKafkaDokumentation.mht:MHT},
  timestamp = {2014.07.07},
  url = {https://kafka.apache.org/documentation.html}
}

@MISC{linkedin,
  author = {LinkedIn},
  title = {Das weltweit größte berufliche Netzwerk URL: \url{https://www.linkedin.com/}},
  month = {Juni},
  year = {2014},
  note = {Abgerufen am 30.06.2014},
  file = {:anhangInternet\\linkedin.mht:MHT},
  timestamp = {2014.06.30},
  url = {https://www.google.de/}
}

@MISC{storm:home,
  author = {Marz, Nathan},
  title = {Storm is a distributed realtime computation system. URL: \url{http://storm.incubator.apache.org/}},
  month = {June},
  year = {2014},
  note = {Abgerufen am 22.06.2014},
  file = {:anhangInternet\\storm\\stormHome.mht:MHT},
  timestamp = {2014.06.22},
  url = {http://storm.incubator.apache.org/}
}

@MISC{storm:apache:stormProposal,
  author = {Marz, Nathan},
  title = {Storm Proposal
	URL: \url{http://wiki.apache.org/incubator/StormProposal}},
  month = {September},
  year = {2013},
  note = {Abgerufen am 16.06.2014},
  file = {:anhangInternet\\storm\\stormProposal.mht:MHT},
  timestamp = {2014.06.16},
  url = {http://wiki.apache.org/incubator/StormProposal}
}

@MISC{storm:apache:stormIncubationStatus,
  author = {Apache Software Foundation},
  title = {Storm Project Incubation Status
	URL: \url{http://incubator.apache.org/projects/storm.html}},
  month = {September},
  year = {2013},
  note = {Abgerufen am 16.06.2014},
  file = {:anhangInternet\\storm\\stormIncubationStatus.mht:MHT},
  timestamp = {2014.06.16},
  url = {http://incubator.apache.org/projects/storm.html}
}

@MISC{storm:GitHub,
  author = {Marz, Nathan},
  title = {Obsolete Storm GitHub Repository
	URL: \url{https://github.com/nathanmarz/storm}},
  month = {Juni},
  year = {2014},
  note = {Abgerufen am 22.06.2014},
  file = {:anhangInternet\\storm\\stormGitHub.mht:MHT},
  timestamp = {2014.06.22},
  url = {https://github.com/nathanmarz/storm}
}

@MISC{storm:GitHubApacheMirror,
  author = {Marz, Nathan},
  title = {Storm GitHub Repository Apache Git Mirror
	URL: \url{https://github.com/apache/incubator-storm}},
  month = {Juni},
  year = {2014},
  note = {Abgerufen am 22.06.2014},
  file = {:anhangInternet\\storm\\stormGitHubApacheMirror.mht:MHT},
  timestamp = {2014.06.22},
  url = {https://github.com/apache/incubator-storm}
}

@MISC{storm:IncubatorStatusPage,
  author = {Apache Software Foundation},
  title = {Storm Project Incubation Status Page
	URL: \url{http://incubator.apache.org/projects/storm.html}},
  month = {Juni},
  year = {2014},
  note = {Abgerufen am 22.06.2014},
  file = {:anhangInternet\\storm\\stormIncubatorStatusPage.mht:MHT},
  timestamp = {2014.06.22},
  url = {http://incubator.apache.org/projects/storm.html}
}

@MISC{storm:Contributors,
  author = {GitHub Inc.},
  title = {Storm Project Contributors
	URL: \url{https://github.com/apache/incubator-storm/graphs/contributors}},
  month = {Juni},
  year = {2014},
  note = {Abgerufen am 22.06.2014},
  file = {:anhangInternet\\storm\\stormContributors.mht:MHT},
  timestamp = {2014.06.22},
  url = {https://github.com/apache/incubator-storm/graphs/contributors}
}

@MISC{storm:Changelog,
  author = {Apache Storm Contributer},
  title = {Storm Changelog
	URL: \url{https://github.com/apache/incubator-storm/blob/master/CHANGELOG.md}},
  month = {Juni},
  year = {2014},
  note = {Abgerufen am 22.06.2014},
  file = {:anhangInternet\\storm\\stormChangelog.mht:MHT},
  timestamp = {2014.06.22},
  url = {https://github.com/apache/incubator-storm/blob/master/CHANGELOG.md}
}

@MISC{storm:Spout,
  author = {Apache Software Foundation},
  title = {Interface ISpout
	URL: \url{https://storm.incubator.apache.org/apidocs/backtype/storm/spout/ISpout.html}},
  month = {Juni},
  year = {2014},
  note = {Abgerufen am 22.06.2014},
  file = {:anhangInternet\\storm\\stormSpout.mht:MHT},
  timestamp = {2014.06.22},
  url = {https://storm.incubator.apache.org/apidocs/backtype/storm/spout/ISpout.html}
}

@MISC{storm:SpoutOutputCollector,
  author = {Apache Software Foundation},
  title = {Class SpoutOutputCollector
	URL: \url{https://storm.incubator.apache.org/apidocs/backtype/storm/spout/SpoutOutputCollector.html}},
  month = {Juni},
  year = {2014},
  note = {Abgerufen am 22.06.2014},
  file = {:anhangInternet\\storm\\stormSpoutOutputCollector.mht:MHT},
  timestamp = {2014.06.22},
  url = {https://storm.incubator.apache.org/apidocs/backtype/storm/spout/SpoutOutputCollector.html}
}

@MISC{storm:Bolt,
  author = {Apache Software Foundation},
  title = {Interface IBolt
	URL: \url{https://storm.incubator.apache.org/apidocs/backtype/storm/task/IBolt.html}},
  month = {Juni},
  year = {2014},
  note = {Abgerufen am 22.06.2014},
  file = {:anhangInternet\\storm\\stormIBolt.mht:MHT},
  timestamp = {2014.06.22},
  url = {https://storm.incubator.apache.org/apidocs/backtype/storm/task/IBolt.html}
}

@MISC{storm:TopologyBuilder,
  author = {Apache Software Foundation},
  title = {Class TopologyBuilder
	URL: \url{https://storm.incubator.apache.org/apidocs/backtype/storm/topology/TopologyBuilder.html}},
  month = {Juni},
  year = {2014},
  note = {Abgerufen am 22.06.2014},
  file = {:anhangInternet\\storm\\stormTopologyBuilder.mht:MHT},
  timestamp = {2014.06.22},
  url = {https://storm.incubator.apache.org/apidocs/backtype/storm/topology/TopologyBuilder.html}
}

@MISC{storm:InputDeclarer,
  author = {Apache Software Foundation},
  title = {Interface InputDeclarer<T extends InputDeclarer>
	URL: \url{https://storm.incubator.apache.org/apidocs/backtype/storm/topology/InputDeclarer.html}},
  month = {Juni},
  year = {2014},
  note = {Abgerufen am 23.06.2014},
  file = {:anhangInternet\\storm\\stormInputDeclarer.mht:MHT},
  timestamp = {2014.06.23},
  url = {https://storm.incubator.apache.org/apidocs/backtype/storm/topology/InputDeclarer.html}
}

@MISC{storm:StarterProject,
  author = {Apache Software Foundation},
  title = {Example Storm Topologies
	URL: \url{https://github.com/apache/incubator-storm/tree/master/examples/storm-starter}},
  month = {Juni},
  year = {2014},
  note = {Abgerufen am 23.06.2014},
  file = {:anhangInternet\\storm\\stormStarterProject.mht:MHT},
  timestamp = {2014.06.23},
  url = {https://github.com/apache/incubator-storm/tree/master/examples/storm-starter}
}

@MISC{storm:Trident,
  author = {Apache Software Foundation},
  title = {Storm Trident
	URL: \url{https://storm.incubator.apache.org/documentation/Trident-API-Overview.html}},
  month = {Juni},
  year = {2014},
  note = {Abgerufen am 29.06.2014},
  file = {:anhangInternet\\storm\\stormTrident.mht:MHT},
  timestamp = {2014.06.23},
  url = {https://storm.incubator.apache.org/documentation/Trident-API-Overview.html}
}

@MISC{storm:FullyProcessed,
  author = {Apache Software Foundation},
  title = {Storm Fully Processed
	URL: \url{https://storm.incubator.apache.org/documentation/Guaranteeing-message-processing.html}},
  month = {Juni},
  year = {2014},
  note = {Abgerufen am 29.06.2014},
  file = {:anhangInternet\\storm\\stormFullyProcessed.mht:MHT},
  timestamp = {2014.06.23},
  url = {https://storm.incubator.apache.org/documentation/Guaranteeing-message-processing.html}
}

@MISC{storm:FaultTolerance,
  author = {Apache Software Foundation},
  title = {Storm Fault Tolerance
	URL: \url{https://storm.incubator.apache.org/documentation/Fault-tolerance.html}},
  month = {Juni},
  year = {2014},
  note = {Abgerufen am 29.06.2014},
  file = {:anhangInternet\\storm\\stormFaultTolerance.mht:MHT},
  timestamp = {2014.06.23},
  url = {https://storm.incubator.apache.org/documentation/Fault-tolerance.html}
}

@MISC{storm:Security,
  author = {Apache Software Foundation},
  title = {Storm Security
	URL: \url{https://github.com/apache/incubator-storm/blob/master/SECURITY.md}},
  month = {Juni},
  year = {2014},
  note = {Abgerufen am 29.06.2014},
  file = {:anhangInternet\\storm\\stormSecurity.mht:MHT},
  timestamp = {2014.06.23},
  url = {https://github.com/apache/incubator-storm/blob/master/SECURITY.md}
}

@MISC{supervisor:ProcessControlSystem,
  author = {McDonough, Chris},
  title = {Supervisor: A Process Control System
	URL: \url{http://supervisord.org/index.html}},
  month = {Juni},
  year = {2014},
  note = {Abgerufen am 29.06.2014},
  file = {:anhangInternet\\supervisorProcessControlSystem.mht:MHT},
  timestamp = {2014.06.23},
  url = {http://supervisord.org/index.html}
}

@MISC{nagios:Monitoring,
  author = {Galstad, Ethan},
  title = {Nagios - The Industry Standard in IT Infrastructure Monitoring
	URL: \url{http://www.nagios.org/}},
  month = {Juni},
  year = {2014},
  note = {Abgerufen am 29.06.2014},
  file = {:anhangInternet\\nagiosMonitoring.mht:MHT},
  timestamp = {2014.06.23},
  url = {http://www.nagios.org/}
}

@MISC{zeromq:guide,
  author = {iMatix Corporation},
  title = {Zero MQ
	URL: \url{http://zguide.zeromq.org/page:all}},
  month = {Juni},
  year = {2014},
  note = {Abgerufen am 22.06.2014},
  file = {:anhangInternet\\zeroMqGuide.mht:MHT},
  timestamp = {2014.06.22},
  url = {http://zguide.zeromq.org/page:all}
}

@MISC{ibmZeroCopy,
 abstract = {This article explains how you can improve the performance of I/O-intensive Java applications running on Linux and UNIX platforms through a technique called zero copy. Zero copy lets you avoid redundant data copies between intermediate buffers and reduces the number of context switches between user space and kernel space.},
 author = {Sathish K. Palaniappan and Pramod B. Nagaraja},
 title = {Efficient data transfer through zero copy URL: \url{https://www.ibm.com/developerworks/linux/library/j-zerocopy/}},
 publisher = {IBM developerWorks},
 year = {2008},
 month = {September},
 url = {https://www.ibm.com/developerworks/linux/library/j-zerocopy/},
 file = {:anhangLiteratur\\ibmJavaZeroCopy.pdf:PDF},
 note = {Abgerufen am 21.07.2014},
 timestamp = {2014.07.21}
}

@MISC{netty,
  author = {Trustin Lee},
  title = {The Netty project 
	URL: \url{http://netty.io/index.html}},
  month = {Juni},
  year = {2014},
  note = {Abgerufen am 22.06.2014},
  file = {:anhangInternet\\nettyHome.mht:MHT},
  timestamp = {2014.06.22},
  url = {http://netty.io/index.html}
}

@MISC{zookeeper:Home,
  author = {Apache Software Foundation},
  title = {Apache ZooKeeper
	URL: \url{http://zookeeper.apache.org/}},
  month = {Juni},
  year = {2014},
  note = {Abgerufen am 22.06.2014},
  file = {:anhangInternet\\zookeeperHome.mht:MHT},
  timestamp = {2014.06.22},
  url = {http://zookeeper.apache.org/}
}

@MISC{apache:softwareFoundation,
  author = {Apache Software Foundation},
  title = {Apache Software Foundation
	URL: \url{http://www.apache.org/foundation/}},
  month = {Juni},
  year = {2014},
  note = {Abgerufen am 22.06.2014},
  file = {:anhangInternet\\ApacheSoftwareFoundation.mht:MHT},
  timestamp = {2014.06.22},
  url = {http://www.apache.org/foundation/}
}

@MISC{clojure,
  author = {Rich Hickey},
  title = {Clojure Rationale
	URL: \url{http://clojure.org/rationale}},
  month = {Juni},
  year = {2014},
  note = {Abgerufen am 22.06.2014},
  file = {:anhangInternet\\clojureRationale.mht:MHT},
  timestamp = {2014.06.22},
  url = {http://clojure.org/rationale}
}

@MISC{javaAbout,
  author = {Oracle Corporation},
  title = {Erfahren Sie mehr über die Java-Technologie
	URL: \url{https://www.java.com/de/about/}},
  month = {Juni},
  year = {2014},
  note = {Abgerufen am 22.06.2014},
  file = {:anhangInternet\\javaAbout.mht:MHT},
  timestamp = {2014.06.22},
  url = {https://www.java.com/de/about/}
}

@MISC{pythonAbout,
  author = {Python Software Foundation },
  title = {Python About
	URL: \url{https://www.python.org/about/}},
  month = {Juni},
  year = {2014},
  note = {Abgerufen am 22.06.2014},
  file = {:anhangInternet\\pythonAbout.mht:MHT},
  timestamp = {2014.06.22},
  url = {https://www.python.org/about/}
}

@MISC{GitHub,
  author = {GitHub Inc.},
  title = {GitHub Powerful collaboration, code review, and code management for open source and private projects.
	URL: \url{https://github.com/features}},
  month = {Juni},
  year = {2014},
  note = {Abgerufen am 22.06.2014},
  file = {:anhangInternet\\GitHubFeatures.mht:MHT},
  timestamp = {2014.06.22},
  url = {https://github.com/features}
}



@MISC{res:apache:mahout:home,
  title = {Apache Mahout: Scalable machine learning and data mining. URL: \url{http://mahout.apache.org/}},
  month = {Juni},
  year = {2013},
  note = {Abgerufen am 30.06.2013},
  file = {:anhangInternet\\resapachemahouthome.mht:MHT},
  timestamp = {2013.06.30},
  url = {http://mahout.apache.org/}
}

@MISC{res:ASF:ALV2,
  title = {Apache License, Version 2.0. URL: \url{http://www.apache.org/licenses/}},
  month = {Juni},
  year = {2013},
  note = {Abgerufen am 30.06.2013},
  file = {:anhangInternet\\resASFALV2.mht:MHT},
  timestamp = {2013.06.30},
  url = {http://www.apache.org/licenses/}
}

@MISC{res:Duke:face:puma,
  title = {Facebook Puma, URL: \url{https://www.cs.duke.edu/~kmoses/cps516/puma.html}},
  month = {Juni},
  year = {2013},
  note = {Abgerufen am 30.06.2013},
  file = {:anhangInternet\\resDukefacepuma.mht:MHT},
  timestamp = {2013.06.30},
  url = {https://www.cs.duke.edu/~kmoses/cps516/puma.html}
}

@MISC{res:EPL:V1,
  title = {Eclipse Public License, Version 1.0. URL: \url{http://www.eclipse.org/legal/epl-v10.html}},
  month = {Juni},
  year = {2013},
  note = {Abgerufen am 30.06.2013},
  file = {:anhangInternet\\resEPLV1.mht:MHT},
  timestamp = {2013.06.30},
  url = {http://www.eclipse.org/legal/epl-v10.html}
}

@MISC{res:EsperTech:esper:home,
  title = {Esper - Complex Event Processing. URL: \url{http://esper.codehaus.org/}},
  month = {Juni},
  year = {2013},
  note = {Abgerufen am 30.06.2013},
  file = {:anhangInternet\\resEsperTechesperhome.mht:MHT},
  timestamp = {2013.06.30},
  url = {http://esper.codehaus.org/}
}

@MISC{res:Stan:Stream:Man,
  title = {Stanford Stream Data Manager URL: \url{http://infolab.stanford.edu/stream/}},
  month = {Juni},
  year = {2013},
  note = {Abgerufen am 30.06.2013},
  file = {:anhangInternet\\resStanStreamMan.mht:MHT},
  timestamp = {2013.06.30},
  url = {http://infolab.stanford.edu/stream/}
}

@MISC{res:oracle:java8,
  author = {Oracle Corporation},
  title = {Lambda Expressions URL: \url{http://docs.oracle.com/javase/tutorial/java/javaOO/lambdaexpressions.html}},
  month = {Juni},
  year = {2014},
  note = {Abgerufen am 05.06.2014},
  file = {:anhangInternet\\LambdaExpressions.mht:MHT},
  timestamp = {2014.06.05},
  url = {http://docs.oracle.com/javase/tutorial/java/javaOO/lambdaexpressions.html}
}

@BOOK{dataset:shakespeare:1994:CWW,
  author = {William Shakespeare},
  title = {The Complete Works of William Shakespeare URL: \url{http://www.gutenberg.org/files/100/old/shaks12.txt}},
  volume = {100},
  publisher = {pub-PROJECT-GUTENBERG},
  address = {pub-PROJECT-GUTENBERG:adr},
  year = {1994},
  bibdate = {Sun Jan 24 10:00:27 MST 1999},
  series = {ser-PROJECT-GUTENBERG},
  URL = {\url{http://www.gutenberg.org/files/100/old/shaks12.txt}},
  acknowledgement = {ack-nhfb # " and " # ack-st},
  author-dates = {1564--1616},
  bibsource = {\url{http://www.math.utah.edu/pub/tex/bib/gutenberg.bib}},
  note = {Abgerufen am 08.09.2014}
}