%% This BibTeX bibliography file was created using BibDesk.
%% http://bibdesk.sourceforge.net/

%% Created for Sascha Patrick Lorenz at 2015-01-08 21:02:23 +0100 


%% Saved with string encoding Unicode (UTF-8) 



@book{pdl97,
	Author = {S.M. Weiss, N. Indurkhya},
	Date-Added = {2015-01-08 20:00:34 +0000},
	Date-Modified = {2015-01-08 20:02:19 +0000},
	Publisher = {Morgan-Kaufman},
	Title = {Predictive data mining: A practical guide.},
	Year = {1997}}

@book{mit96,
	Author = {U.M. Fayyad, G. Piatetsky-Shapiro, et al.},
	Date-Added = {2015-01-08 16:50:12 +0000},
	Date-Modified = {2015-01-08 16:52:30 +0000},
	Publisher = {AAAI/MIT Press},
	Title = {Advances in Knowledge Dicovery and Data Mining},
	Year = {1996}}

@book{cl14,
	Author = {J{\"u}rgen Cleve, Uwe L{\"a}mmel},
	Date-Added = {2015-01-08 14:32:04 +0000},
	Date-Modified = {2015-01-08 14:35:57 +0000},
	Edition = {1},
	Publisher = {De Gruyter/Oldenbourg Wissenschaftsverlag },
	Title = {Data Mining},
	Year = {2014}}

@book{bda1,
	Author = {Dr. Arvind Sathi},
	Date-Added = {2014-12-27 14:55:17 +0000},
	Date-Modified = {2014-12-27 14:55:56 +0000},
	Edition = {First Edition},
	Publisher = {MC Press},
	Title = {Big Data Analytics: Disruptive Technologies for Changing the Game},
	Year = {2012}}

@book{tan1,
	Author = {Andrew S. Tanenbaum, Maarten van Steen},
	Date-Added = {2014-12-26 20:07:27 +0000},
	Date-Modified = {2014-12-26 20:10:11 +0000},
	Edition = {Second Edition},
	Publisher = {Pearson, Prentice Hall},
	Title = {Distributed Systems - Principles and Paradigms},
	Year = {2007}}

@book{clus1,
	Author = {Thomas Rauber, Gudula R{\"u}nger},
	Date-Added = {2014-12-26 19:33:08 +0000},
	Date-Modified = {2014-12-26 19:35:56 +0000},
	Publisher = {Springer},
	Title = {Parallel Programming: For Multicore and Cluster Systems},
	Year = {2010}}

@book{nrc13,
	Author = {National Research Council},
	Date-Added = {2014-12-13 14:08:58 +0000},
	Date-Modified = {2014-12-13 14:11:15 +0000},
	Publisher = {National Academic Press},
	Title = {Frontiers in Massive Data Analysis},
	Year = {2013}}

@book{tw13,
	Author = {Tom White},
	Date-Added = {2014-12-13 14:07:07 +0000},
	Date-Modified = {2014-12-13 14:08:34 +0000},
	Publisher = {O'Reilly},
	Title = {Hadoop: The Definitive Guide},
	Volume = {2nd Edition},
	Year = {2013}}

@book{va14,
	Author = {Vijay Agneeswaran},
	Date-Added = {2014-12-13 13:56:32 +0000},
	Date-Modified = {2014-12-13 13:57:51 +0000},
	Publisher = {Pearson},
	Title = {Big Data Analytics Beyond Hadoop},
	Year = {2014}}

@book{rk13,
	Author = {Rudi Klausnitzer},
	Date-Added = {2014-12-07 14:01:07 +0000},
	Date-Modified = {2014-12-07 14:05:24 +0000},
	Publisher = {Ecowin Verlag},
	Title = {Das Ende des Zufalls : wie Big Data uns und unser Leben vorhersagbar macht.},
	Year = {2013}}
